@article{croft2017extension,
  title={Extension of the Dytlewski-style dead time correction formalism for neutron multiplicity counting to any order},
  author={Croft, Stephen and Favalli, Andrea},
  journal={Nuclear Instruments and Methods in Physics Research Section A: Accelerators, Spectrometers, Detectors and Associated Equipment},
  volume={869},
  pages={141--152},
  year={2017},
  publisher={Elsevier}
}
@article{drost2015dead,
  title={Dead time effects in non-line-of-sight ultraviolet communications},
  author={Drost, Robert J and Sadler, Brian M and Chen, Gang},
  journal={Optics express},
  volume={23},
  number={12},
  pages={15748--15761},
  year={2015},
  publisher={Optica Publishing Group}
}
@article{dytlewski1991dead,
  title={Dead-time corrections for multiplicity counters},
  author={Dytlewski, N},
  journal={Nuclear Instruments and Methods in Physics Research Section A: Accelerators, Spectrometers, Detectors and Associated Equipment},
  volume={305},
  number={2},
  pages={492--494},
  year={1991},
  publisher={Elsevier}
}
@book{evans1955atomic,
  title={The atomic nucleus},
  author={Evans, Robley Dunglison and Evans, RD},
  volume={582},
  year={1955},
  publisher={McGraw-Hill New York}
}
@article{garcia2024innovative,
  title={Innovative dead-time correction and background subtraction for neutron multiplicity measurements using neural networks},
  author={Garcia-Duarte, Jeremias and Mishnayot, Yonatan and Tamashiro, Aaron S and Lawrence, Jackson R and Harke, Jason T},
  journal={Scientific Reports},
  volume={14},
  number={1},
  pages={7579},
  year={2024},
  publisher={Nature Publishing Group UK London}
}
@article{hassan2014electrical,
  title={Electrical cell counting process characterization in a microfluidic impedance cytometer},
  author={Hassan, Umer and Bashir, Rashid},
  journal={Biomedical microdevices},
  volume={16},
  pages={697--704},
  year={2014},
  publisher={Springer}
}
@article{hattne2023electron,
  title={Electron counting with direct electron detectors in MicroED},
  author={Hattne, Johan and Clabbers, Max TB and Martynowycz, Michael W and Gonen, Tamir},
  journal={Structure},
  volume={31},
  number={12},
  pages={1504--1509},
  year={2023},
  publisher={Elsevier}
}
@article{larsen2009simple,
  title={Simple dead-time corrections for discrete time series of non-Poisson data},
  author={Larsen, Michael L and Kostinski, Alexander B},
  journal={Measurement Science and Technology},
  volume={20},
  number={9},
  pages={095101},
  year={2009},
  publisher={IOP Publishing}
}
@article{muller1973dead,
  title={Dead-time problems},
  author={M{\"u}ller, J{\"o}rg W},
  journal={Nuclear instruments and methods},
  volume={112},
  number={1-2},
  pages={47--57},
  year={1973},
  publisher={Elsevier}
}
@article{muller1991generalized,
  title={Generalized dead times},
  author={M{\"u}ller, J{\"o}rg W},
  journal={Nuclear Instruments and Methods in Physics Research Section A: Accelerators, Spectrometers, Detectors and Associated Equipment},
  volume={301},
  number={3},
  pages={543--551},
  year={1991},
  publisher={Elsevier}
}
@article{snyder1984utilizing,
  title={Utilizing side information in emission tomography},
  author={Snyder, Donald L},
  journal={IEEE Transactions on Nuclear Science},
  volume={31},
  number={1},
  pages={533--537},
  year={1984},
  publisher={IEEE}
}
@techreport{spencer1981absolute,
  title={Absolute measurement of anti. nu./sub p/for/sup 252/Cf using the ORNL large liquid scintillator neutron detector},
  author={Spencer, RR and Gwin, R and Ingle, R},
  year={1981},
  institution={Oak Ridge National Lab.(ORNL), Oak Ridge, TN (United States)}
}
@article{takacs1958probability,
  title={On a probability problem in the theory of counters},
  author={Takacs, L},
  journal={The Annals of Mathematical Statistics},
  volume={29},
  number={4},
  pages={1257--1263},
  year={1958},
  publisher={JSTOR}
}
@article{usman2018radiation,
  title={Radiation detector deadtime and pile up: A review of the status of science},
  author={Usman, Shoaib and Patil, Amol},
  journal={Nuclear Engineering and Technology},
  volume={50},
  number={7},
  pages={1006--1016},
  year={2018},
  publisher={Elsevier}
}
@article{verma2017inhomogeneous,
  title={Inhomogeneous Poisson process rate function inference from dead-time limited observations},
  author={Verma, Gunjan and Drost, Robert J},
  journal={JOSA A},
  volume={34},
  number={5},
  pages={770--782},
  year={2017},
  publisher={Optica Publishing Group}
}
@article{waqar2023tutorial,
  title={A tutorial on the Bayesian statistical approach to inverse problems},
  author={Waqar, Faaiq G and Patel, Swati and Simon, Cory M},
  journal={APL Machine Learning},
  volume={1},
  number={4},
  year={2023},
  publisher={AIP Publishing}
}
@article{yi2005method,
  title={A method of dead time measurement},
  author={Yi, Chul-Young and Jeong, Keeju and Oh, Jang-Jin},
  journal={Nuclear Instruments and Methods in Physics Research Section A: Accelerators, Spectrometers, Detectors and Associated Equipment},
  volume={551},
  number={2-3},
  pages={352--355},
  year={2005},
  publisher={Elsevier}
}
